<?xml version="1.0" encoding="UTF-8"?><collection xmlns="http://www.loc.gov/MARC21/slim"><record><leader>00464nam--2200133-i-4500</leader><controlfield tag="001">000019342</controlfield><controlfield tag="002">20161230</controlfield><controlfield tag="005">20161230201033</controlfield><controlfield tag="008">060222s1000------------r-----000-0-eng-d</controlfield><datafield ind1=" " ind2=" " tag="080"><subfield code="a">62:681.14:681.3.06.532.5:656.6</subfield></datafield><datafield ind1=" " ind2=" " tag="245"><subfield code="a">Engineering sciences group.reasearch 1971. marine and fluid dynamics computing</subfield></datafield><datafield ind1=" " ind2=" " tag="260"><subfield code="a">London, Her Majesty S Stationery Office, 1972 Vii + 72 P</subfield></datafield><datafield ind1=" " ind2=" " tag="490"><subfield code="a">National Physical Laboratory-department Of Trade And Industry</subfield></datafield><datafield ind1=" " ind2=" " tag="852"><subfield code="a">36868</subfield></datafield></record></collection>